<record><leader>00000cas a2200000 a 4500</leader><controlfield tag="001">9866107</controlfield><controlfield tag="008">830831d1851186ulauwr ne      0    0eng  </controlfield><datafield ind1=" " ind2=" " tag="010"><subfield code="a">sn 83016494 </subfield></datafield><datafield ind1=" " ind2=" " tag="040"><subfield code="a">DLC</subfield><subfield code="b">eng</subfield><subfield code="c">DLC</subfield><subfield code="d">NPV</subfield><subfield code="d">NPU</subfield><subfield code="d">NPX</subfield><subfield code="d">PPM</subfield><subfield code="d">DLC</subfield><subfield code="d">LNP</subfield><subfield code="d">NYS</subfield><subfield code="d">OCLCQ</subfield><subfield code="d">OCLCO</subfield><subfield code="d">OCLCF</subfield></datafield><datafield ind1="1" ind2=" " tag="029"><subfield code="a">AU@</subfield><subfield code="b">000020405013</subfield></datafield><datafield ind1=" " ind2=" " tag="042"><subfield code="a">pcc</subfield></datafield><datafield ind1=" " ind2=" " tag="043"><subfield code="a">n-us-la</subfield></datafield><datafield ind1=" " ind2=" " tag="045"><subfield code="a">w5w6</subfield></datafield><datafield ind1="0" ind2="0" tag="050"><subfield code="a">Newspaper 7998</subfield></datafield><datafield ind1=" " ind2=" " tag="052"><subfield code="a">4014</subfield><subfield code="b">N5</subfield></datafield><datafield ind1="0" ind2=" " tag="130"><subfield code="a">New Orleans weekly true delta (New Orleans, La. : 1851)</subfield></datafield><datafield ind1="1" ind2="0" tag="245"><subfield code="a">New Orleans weekly true delta.</subfield></datafield><datafield ind1=" " ind2=" " tag="260"><subfield code="a">New Orleans, La. :</subfield><subfield code="b">John Maginnis &amp; Co.</subfield></datafield><datafield ind1=" " ind2=" " tag="300"><subfield code="a">v. ;</subfield><subfield code="c">59 cm.</subfield></datafield><datafield ind1=" " ind2=" " tag="310"><subfield code="a">Weekly</subfield></datafield><datafield ind1="1" ind2=" " tag="362"><subfield code="a">Began in 1851.</subfield></datafield><datafield ind1=" " ind2=" " tag="500"><subfield code="a">Publishers: John Maginnis &amp; Co., &lt;1851&gt;-1853; John Maginnis, 1853-&lt;1855&gt;; W.R. Fish, &lt;1865&gt;; Adams, Oliver &amp; Co., &lt;1865&gt;</subfield></datafield><datafield ind1=" " ind2=" " tag="500"><subfield code="a">Editor: William R. Fish, &lt;1865&gt;</subfield></datafield><datafield ind1=" " ind2=" " tag="580"><subfield code="a">Daily ed.: Daily true delta (New Orleans, La. : 1849).</subfield></datafield><datafield ind1=" " ind2=" " tag="580"><subfield code="a">Evening ed.: Evening true delta (New Orleans, La.).</subfield></datafield><datafield ind1=" " ind2=" " tag="580"><subfield code="a">California ed.: California true delta (New Orleans, La. : 1850).</subfield></datafield><datafield ind1=" " ind2=" " tag="588"><subfield code="a">Description based on: Vol. 2, no. 32 (Nov. 10, 1851).</subfield></datafield><datafield ind1=" " ind2="0" tag="651"><subfield code="a">New Orleans (La.)</subfield><subfield code="v">Newspapers.</subfield></datafield><datafield ind1=" " ind2="0" tag="651"><subfield code="a">Orleans Parish (La.)</subfield><subfield code="v">Newspapers.</subfield></datafield><datafield ind1=" " ind2="7" tag="655"><subfield code="a">Newspapers.</subfield><subfield code="2">fast</subfield><subfield code="0">(OCoLC)fst01423814</subfield></datafield><datafield ind1=" " ind2="7" tag="651"><subfield code="a">Louisiana</subfield><subfield code="z">New Orleans.</subfield><subfield code="2">fast</subfield><subfield code="0">(OCoLC)fst01204311</subfield></datafield><datafield ind1=" " ind2="7" tag="651"><subfield code="a">Louisiana</subfield><subfield code="z">Orleans Parish.</subfield><subfield code="2">fast</subfield><subfield code="0">(OCoLC)fst01223094</subfield></datafield><datafield ind1=" " ind2=" " tag="752"><subfield code="a">United States</subfield><subfield code="b">Louisiana</subfield><subfield code="c">Orleans</subfield><subfield code="d">New Orleans.</subfield></datafield><datafield ind1="1" ind2=" " tag="775"><subfield code="t">Daily true delta (New Orleans, La. : 1849)</subfield><subfield code="w">(DLC)sn 83016490</subfield><subfield code="w">(OCoLC)9865338</subfield></datafield><datafield ind1="1" ind2=" " tag="775"><subfield code="t">Evening true delta (New Orleans, La.)</subfield><subfield code="w">(DLC)sn 83016528</subfield><subfield code="w">(OCoLC)2260931</subfield></datafield><datafield ind1="1" ind2=" " tag="775"><subfield code="t">California true delta</subfield><subfield code="w">(DLC)sn 86079062</subfield><subfield code="w">(OCoLC)13169490</subfield></datafield></record>